@inproceedings{petrovic2010streaming,
	title={Streaming first story detection with application to twitter},
	author={Petrovi{\'c}, Sa{\v{s}}a and Osborne, Miles and Lavrenko, Victor},
	booktitle={Human Language Technologies: The 2010 Annual Conference of the North American Chapter of the Association for Computational Linguistics},
	pages={181--189},
	year={2010},
	organization={Association for Computational Linguistics}
}

@inproceedings{Sankaranarayanan2009TwitterStandNI,
	title={TwitterStand: news in tweets},
	author={Jagan Sankaranarayanan and Hanan Samet and Benjamin E. Teitler and Michael D. Lieberman and Jon Sperling},
	booktitle={GIS},
	year={2009}
}

@article{sayyadigraph,
	title={A Graph Analytical Approach for Fast Topic Detection},
	author={Sayyadi, Hassan and Rschid, Louiqa}
}

@article{weng2011event,
	title={Event detection in twitter.},
	author={Weng, Jianshu and Lee, Bu-Sung},
	journal={ICWSM},
	volume={11},
	pages={401--408},
	year={2011}
}

@inproceedings{gao2013sequential,
	title={Sequential Summarization: A New Application for Timely Updated Twitter Trending Topics.},
	author={Gao, Dehong and Li, Wenjie and Zhang, Renxian},
	booktitle={ACL (2)},
	pages={567--571},
	year={2013},
	organization={Citeseer}
}

@article{cataldi2013personalized,
	title={Personalized emerging topic detection based on a term aging model},
	author={Cataldi, Mario and Caro, Luigi Di and Schifanella, Claudio},
	journal={ACM Transactions on Intelligent Systems and Technology (TIST)},
	volume={5},
	number={1},
	pages={7},
	year={2013},
	publisher={ACM}
}

@inproceedings{suen2013nifty,
	title={Nifty: a system for large scale information flow tracking and clustering},
	author={Suen, Caroline and Huang, Sandy and Eksombatchai, Chantat and Sosic, Rok and Leskovec, Jure},
	booktitle={Proceedings of the 22nd international conference on World Wide Web},
	pages={1237--1248},
	year={2013},
	organization={ACM}
}

@inproceedings{li2012twiner,
	title={Twiner: named entity recognition in targeted twitter stream},
	author={Li, Chenliang and Weng, Jianshu and He, Qi and Yao, Yuxia and Datta, Anwitaman and Sun, Aixin and Lee, Bu-Sung},
	booktitle={Proceedings of the 35th international ACM SIGIR conference on Research and development in information retrieval},
	pages={721--730},
	year={2012},
	organization={ACM}
}

@article{budak2011structural,
	title={Structural trend analysis for online social networks},
	author={Budak, Ceren and Agrawal, Divyakant and El Abbadi, Amr},
	journal={Proceedings of the VLDB Endowment},
	volume={4},
	number={10},
	pages={646--656},
	year={2011},
	publisher={VLDB Endowment}
}

@inproceedings{chatzakou2015multispot,
	title={Multispot: Spotting sentiments with semantic aware multilevel cascaded analysis},
	author={Chatzakou, Despoina and Passalis, Nikolaos and Vakali, Athena},
	booktitle={International Conference on Big Data Analytics and Knowledge Discovery},
	pages={337--350},
	year={2015},
	organization={Springer}
}

@inproceedings{socher2011semi,
	title={Semi-supervised recursive autoencoders for predicting sentiment distributions},
	author={Socher, Richard and Pennington, Jeffrey and Huang, Eric H and Ng, Andrew Y and Manning, Christopher D},
	booktitle={Proceedings of the conference on empirical methods in natural language processing},
	pages={151--161},
	year={2011},
	organization={Association for Computational Linguistics}
}

@article{paltoglou2012twitter,
	title={Twitter, MySpace, Digg: Unsupervised sentiment analysis in social media},
	author={Paltoglou, Georgios and Thelwall, Mike},
	journal={ACM Transactions on Intelligent Systems and Technology (TIST)},
	volume={3},
	number={4},
	pages={66},
	year={2012},
	publisher={ACM}
}

@inproceedings{pang2004sentimental,
	title={A sentimental education: Sentiment analysis using subjectivity summarization based on minimum cuts},
	author={Pang, Bo and Lee, Lillian},
	booktitle={Proceedings of the 42nd annual meeting on Association for Computational Linguistics},
	pages={271},
	year={2004},
	organization={Association for Computational Linguistics}
}

@article{dang2010lexicon,
	title={A lexicon-enhanced method for sentiment classification: An experiment on online product reviews},
	author={Dang, Yan and Zhang, Yulei and Chen, Hsinchun},
	journal={IEEE Intelligent Systems},
	volume={25},
	number={4},
	pages={46--53},
	year={2010},
	publisher={IEEE}
}

@inproceedings{chatzakou2013micro,
	title={Micro-blogging content analysis via emotionally-driven clustering},
	author={Chatzakou, Despoina and Koutsonikola, Vassiliki and Vakali, Athena and Kafetsios, Konstantinos},
	booktitle={Affective Computing and Intelligent Interaction (ACII), 2013 Humaine Association Conference on},
	pages={375--380},
	year={2013},
	organization={IEEE}
}

@article{hua2013sted,
	title={Sted: Semi-supervised targeted event detection},
	author={Hua, Ting and Chen, Feng and Zhao, Liang and Lu, Chang-Tien and Ramakrishnan, Naren},
	journal={KDD'13},
	pages={11--14},
	year={2013}
}

@article{abdelhaq2013eventweet,
	title={Eventweet: Online localized event detection from twitter},
	author={Abdelhaq, Hamed and Sengstock, Christian and Gertz, Michael},
	journal={Proceedings of the VLDB Endowment},
	volume={6},
	number={12},
	pages={1326--1329},
	year={2013},
	publisher={VLDB Endowment}
}

@inproceedings{mckelvey2013truthy,
	title={Truthy: Enabling the study of online social networks},
	author={McKelvey, Karissa Rae and Menczer, Filippo},
	booktitle={Proceedings of the 2013 conference on Computer supported cooperative work companion},
	pages={23--26},
	year={2013},
	organization={ACM}
}

@inproceedings{tang2014learning,
	title={Learning Sentiment-Specific Word Embedding for Twitter Sentiment Classification.},
	author={Tang, Duyu and Wei, Furu and Yang, Nan and Zhou, Ming and Liu, Ting and Qin, Bing},
	booktitle={ACL (1)},
	pages={1555--1565},
	year={2014}
}

@inproceedings{severyn2015unitn,
	title={Unitn: Training deep convolutional neural network for twitter sentiment classification},
	author={Severyn, Aliaksei and Moschitti, Alessandro},
	booktitle={Proceedings of the 9th International Workshop on Semantic Evaluation (SemEval 2015), Association for Computational Linguistics, Denver, Colorado},
	pages={464--469},
	year={2015}
}

@inproceedings{dos2014deep,
	title={Deep Convolutional Neural Networks for Sentiment Analysis of Short Texts.},
	author={Dos Santos, C{\'\i}cero Nogueira and Gatti, Maira},
	booktitle={COLING},
	pages={69--78},
	year={2014}
}

@inproceedings{mikolov2013distributed,
	title={Distributed representations of words and phrases and their compositionality},
	author={Mikolov, Tomas and Sutskever, Ilya and Chen, Kai and Corrado, Greg S and Dean, Jeff},
	booktitle={Advances in neural information processing systems},
	pages={3111--3119},
	year={2013}
}

@article{mahmud2012tweet,
	title={Where Is This Tweet From? Inferring Home Locations of Twitter Users.},
	author={Mahmud, Jalal and Nichols, Jeffrey and Drews, Clemens},
	journal={ICWSM},
	volume={12},
	pages={511--514},
	year={2012}
}

@inproceedings{cheng2010you,
	title={You are where you tweet: a content-based approach to geo-locating twitter users},
	author={Cheng, Zhiyuan and Caverlee, James and Lee, Kyumin},
	booktitle={Proceedings of the 19th ACM international conference on Information and knowledge management},
	pages={759--768},
	year={2010},
	organization={ACM}
}

@inproceedings{jurgens2015geolocation,
	title={Geolocation Prediction in Twitter Using Social Networks: A Critical Analysis and Review of Current Practice.},
	author={Jurgens, David and Finethy, Tyler and McCorriston, James and Xu, Yi Tian and Ruths, Derek},
	booktitle={ICWSM},
	pages={188--197},
	year={2015}
}

@inproceedings{compton2014geotagging,
	title={Geotagging one hundred million twitter accounts with total variation minimization},
	author={Compton, Ryan and Jurgens, David and Allen, David},
	booktitle={Big Data (Big Data), 2014 IEEE International Conference on},
	pages={393--401},
	year={2014},
	organization={IEEE}
}

@article{kong2014spot,
	title={Spot: Locating social media users based on social network context},
	author={Kong, Longbo and Liu, Zhi and Huang, Yan},
	journal={Proceedings of the VLDB Endowment},
	volume={7},
	number={13},
	pages={1681--1684},
	year={2014},
	publisher={VLDB Endowment}
}

@inproceedings{backstrom2010find,
	title={Find me if you can: improving geographical prediction with social and spatial proximity},
	author={Backstrom, Lars and Sun, Eric and Marlow, Cameron},
	booktitle={Proceedings of the 19th international conference on World wide web},
	pages={61--70},
	year={2010},
	organization={ACM}
}

@article{giachanou2016like,
	title={Like it or not: A survey of twitter sentiment analysis methods},
	author={Giachanou, Anastasia and Crestani, Fabio},
	journal={ACM Computing Surveys (CSUR)},
	volume={49},
	number={2},
	pages={28},
	year={2016},
	publisher={ACM}
}

@article{kharde2016sentiment,
	title={Sentiment analysis of twitter data: A survey of techniques},
	author={Kharde, Vishal and Sonawane, Prof and others},
	journal={arXiv preprint arXiv:1601.06971},
	year={2016}
}

@inproceedings{desai2016techniques,
	title={Techniques for sentiment analysis of Twitter data: A comprehensive survey},
	author={Desai, Mitali and Mehta, Mayuri A},
	booktitle={Computing, Communication and Automation (ICCCA), 2016 International Conference on},
	pages={149--154},
	year={2016},
	organization={IEEE}
}